<?xml version="1.0" encoding="UTF-8"?><OAI-PMH xsi:schemaLocation="http://www.openarchives.org/OAI/2.0/ http://www.openarchives.org/OAI/2.0/OAI-PMH.xsd" xmlns="http://www.openarchives.org/OAI/2.0/" xmlns:xsi="http://www.w3.org/2001/XMLSchema-instance">
  <responseDate>2021-01-29T20:43:19Z</responseDate>
  <request verb="ListRecords" metadataPrefix="marc21" set="blacklight4">https://na03.alma.exlibrisgroup.com/view/oai/01GALI_EMORY/request</request>
<ListRecords><record><header><identifier>oai:alma.01GALI_EMORY:9937264718402486</identifier><datestamp>2021-01-29T19:47:03Z</datestamp><setSpec>blacklight4</setSpec></header><metadata>
<record xmlns="http://www.loc.gov/MARC21/slim" xmlns:xsi="http://www.w3.org/2001/XMLSchema-instance" xsi:schemaLocation="http://www.loc.gov/MARC21/slim http://www.loc.gov/standards/marcxml/schema/MARC21slim.xsd" ><leader>01974cem a2200433 a 4500</leader><controlfield tag="005">20210129142546.0</controlfield><controlfield tag="006">m    f   c f      </controlfield><controlfield tag="007">aj#canzn</controlfield><controlfield tag="008">981211s1998    caubc  cc a  fs 0   eng d</controlfield><controlfield tag="001">9937264718402486</controlfield><datafield tag="034" ind1="1" ind2=" "><subfield code="a">a</subfield><subfield code="b">24000</subfield><subfield code="d">W1223000</subfield><subfield code="e">W1221500</subfield><subfield code="f">N0374500</subfield><subfield code="g">N0373730</subfield></datafield><datafield tag="049" ind1=" " ind2=" "><subfield code="a">EMU#</subfield></datafield><datafield tag="052" ind1=" " ind2=" "><subfield code="a">4364</subfield><subfield code="b">S5</subfield></datafield><datafield tag="074" ind1=" " ind2=" "><subfield code="a">0624-H (online)</subfield></datafield><datafield tag="074" ind1=" " ind2=" "><subfield code="a">0624-H (MF)</subfield></datafield><datafield tag="086" ind1="0" ind2=" "><subfield code="a">I 19.76:98-354</subfield></datafield><datafield tag="110" ind1="2" ind2=" "><subfield code="a">Geological Survey (U.S.)</subfield><subfield code="0">(uri) http://id.loc.gov/authorities/names/n80092173</subfield><subfield code="0">(uri) http://viaf.org/viaf/sourceID/LC|n80092173</subfield></datafield><datafield tag="880" ind1="0" ind2="2"><subfield code="6">110-01/r</subfield><subfield code="a">Yackety Smackety</subfield><subfield code="t">بين آدم وحواء.</subfield></datafield><datafield tag="245" ind1="1" ind2="0"><subfield code="a">Online Map Test</subfield><subfield code="f">2017</subfield></datafield><datafield tag="255" ind1=" " ind2=" "><subfield code="a">Scale 1:24,000 ;</subfield><subfield code="b">Lambert conformal conic projection</subfield><subfield code="c">(W 122⁰30ʹ00ʺ--W 122⁰15ʹ00ʺ/N 37⁰45ʹ00ʺ--N 37⁰37ʹ30ʺ).</subfield></datafield><datafield tag="336" ind1=" " ind2=" "><subfield code="a">cartographic image</subfield><subfield code="b">cri</subfield><subfield code="2">rdacontent</subfield></datafield><datafield tag="337" ind1=" " ind2=" "><subfield code="a">computer</subfield><subfield code="b">c</subfield><subfield code="2">rdamedia</subfield></datafield><datafield tag="338" ind1=" " ind2=" "><subfield code="a">unspecified</subfield><subfield code="b">zu</subfield><subfield code="2">rdacarrier</subfield></datafield><datafield tag="490" ind1="1" ind2=" "><subfield code="a">Open-file report ;</subfield><subfield code="v">98-354</subfield></datafield><datafield tag="538" ind1=" " ind2=" "><subfield code="a">Mode of access: Internet at the USGS Web site; tar file; ARC Export; PostScript, cartridge tape; or text via ftp. Address as of 10/05/04: http://wrgis.wr.usgs.gov/open-file/of98-354; current access available via PURL.</subfield></datafield><datafield tag="500" ind1=" " ind2=" "><subfield code="a">Title from caption title screen.</subfield></datafield><datafield tag="500" ind1=" " ind2=" "><subfield code="a">Relief shown by contours and spot heights.</subfield></datafield><datafield tag="500" ind1=" " ind2=" "><subfield code="a">No paper maps make up these reports; rather they are issued as a digital database.</subfield></datafield><datafield tag="500" ind1=" " ind2=" "><subfield code="a">Distributed to depository libraries in microfiche; shipping list no. 99-0365-M.</subfield></datafield><datafield tag="500" ind1=" " ind2=" "><subfield code="a">Includes explanatory text and bibliographical references.</subfield></datafield><datafield tag="555" ind1="0" ind2="2"><subfield code="u">http://images.contentreserve.com/ImageType-100/3450-1/{02FAA733-5F26-4039-96FA-7DE7EE74C43B}Img100.jpg</subfield><subfield code="a">Some funky image.</subfield></datafield><datafield tag="598" ind1=" " ind2=" "><subfield code="a">NEW</subfield></datafield><datafield tag="650" ind1=" " ind2="0"><subfield code="a">Geology</subfield><subfield code="z">California</subfield><subfield code="z">San Francisco Bay Area</subfield><subfield code="v">Maps.</subfield><subfield code="0">(uri) http://id.loc.gov/authorities/subjects/sh85054037</subfield></datafield><datafield tag="700" ind1="1" ind2=" "><subfield code="a">Bonilla, Manuel G.,</subfield><subfield code="d">1920-</subfield><subfield code="0">(uri) http://id.loc.gov/authorities/names/n82097471</subfield><subfield code="0">(uri) http://viaf.org/viaf/sourceID/LC|n82097471</subfield></datafield><datafield tag="710" ind1="2" ind2=" "><subfield code="a">Diocesan College (Rondebosch, South Africa)</subfield><subfield code="0">(uri) http://id.loc.gov/authorities/names/n99044345</subfield><subfield code="0">(uri) http://viaf.org/viaf/sourceID/LC|n99044345</subfield></datafield><datafield tag="710" ind1="2" ind2=" "><subfield code="a">Raymond Danowski Poetry Library (Emory University. General Libraries)</subfield><subfield code="5">GEU</subfield></datafield><datafield tag="830" ind1=" " ind2="0"><subfield code="a">U.S. Geological Survey open-file report ;</subfield><subfield code="v">98-354.</subfield><subfield code="0">(uri) http://id.loc.gov/authorities/names/n86714535</subfield><subfield code="0">(uri) http://viaf.org/viaf/sourceID/LC|n86714535</subfield></datafield><datafield tag="856" ind1="4" ind2="0"><subfield code="u">http://purl.access.gpo.gov/GPO/LPS54510</subfield><subfield code="3">Subfield code 3</subfield><subfield code="z">Subfield code z</subfield></datafield><datafield tag="856" ind1=" " ind2="2"><subfield code="u">http://excerpts.contentreserve.com/FormatType-425/3450-1/791128-HarryPotterAndTheSorcerersStone.mp3</subfield><subfield code="3">This is the right code.</subfield><subfield code="z">This is not the right code.</subfield></datafield><datafield tag="856" ind1="4" ind2="1"><subfield code="3">Table of contents only</subfield><subfield code="u">http://catdir.loc.gov/catdir/toc/casalini15/3065159.pdf</subfield></datafield><datafield tag="910" ind1=" " ind2=" "><subfield code="a">RDA ENRICHED</subfield></datafield><datafield tag="910" ind1=" " ind2=" "><subfield code="a">MARS</subfield></datafield><datafield tag="940" ind1=" " ind2=" "><subfield code="a">MARCIVE</subfield></datafield><datafield tag="945" ind1=" " ind2=" "><subfield code="a">9DT</subfield><subfield code="2">20041114</subfield></datafield><datafield tag="949" ind1=" " ind2=" "><subfield code="a">ELECTRONIC ACCESS</subfield><subfield code="h">emugdonlin</subfield><subfield code="w">ASIS</subfield></datafield><datafield tag="999" ind1=" " ind2=" "><subfield code="b">marc21</subfield><subfield code="a">false</subfield></datafield><datafield tag="HOL852" ind1="0" ind2=" "><subfield code="b">UNIV</subfield><subfield code="c">ONFLY</subfield><subfield code="h"> RC451.4.G39 </subfield><subfield code="i"> N53 2021 </subfield><subfield code="8">22445527370002486</subfield></datafield><datafield tag="HOL852" ind1="0" ind2=" "><subfield code="b">UNIV</subfield><subfield code="c">STACK</subfield><subfield code="h">TL789.8.U5</subfield><subfield code="i">S434 2017</subfield><subfield code="8">22325154910002486</subfield></datafield></record>
</metadata></record>