<record><header><identifier>oai:alma.01GALI_EMORY:9937264717902486</identifier><datestamp>2021-01-29T19:47:03Z</datestamp><setSpec>blacklight4</setSpec></header><metadata>
<record xmlns="http://www.loc.gov/MARC21/slim" xmlns:xsi="http://www.w3.org/2001/XMLSchema-instance" xsi:schemaLocation="http://www.loc.gov/MARC21/slim http://www.loc.gov/standards/marcxml/schema/MARC21slim.xsd" ><leader>01609cam a2200433Ia 4500</leader><controlfield tag="005">20210129144301.0</controlfield><controlfield tag="006">m        d        </controlfield><controlfield tag="007">cr#zn|||||||||</controlfield><controlfield tag="008">040126i19302010nyu     od    000 0 eng d</controlfield><controlfield tag="001">9937264717902485</controlfield><datafield tag="024" ind1="1" ind2=" "><subfield code="a">085392844524</subfield></datafield><datafield tag="024" ind1="7" ind2=" "><subfield code="a">10.1163/9789401210720</subfield><subfield code="2">DOI</subfield></datafield><datafield tag="024" ind1="" ind2=" "><subfield code="a">978940121072021</subfield></datafield><datafield tag="035" ind1=" " ind2=" "><subfield code="a">OCLC808373985</subfield></datafield><datafield tag="050" ind1=" " ind2="4"><subfield code="a">PS1097</subfield><subfield code="b">.D4 1978b</subfield></datafield><datafield tag="082" ind1="0" ind2="4"><subfield code="a">423/.0207</subfield><subfield code="2">21</subfield></datafield><datafield tag="100" ind1="1" ind2=" "><subfield code="a">Bierce, Ambrose,</subfield><subfield code="d">1842-1914?</subfield><subfield code="0">(uri) http://id.loc.gov/authorities/names/n79100683</subfield><subfield code="0">(uri) http://viaf.org/viaf/sourceID/LC|n79100683</subfield></datafield><datafield tag="245" ind1="0" ind2="0"><subfield code="a">Persia Spring Performanace</subfield><subfield code="f">2017-2018,</subfield><subfield code="g">2017-2018.</subfield></datafield><datafield tag="264" ind1=" " ind2="1"><subfield code="a">Marlborough, Wiltshire :</subfield><subfield code="b">Adam Matthew Digital,</subfield><subfield code="c">2019.</subfield></datafield><datafield tag="264" ind1=" " ind2="1">
<subfield code="a">New York, New York :</subfield><subfield code="b">Viking, QuestEntourageExample</subfield><subfield code="c">[2016]</subfield></datafield><datafield tag="300" ind1=" " ind2=" "><subfield code="a">1 online resource (235 pages) ;</subfield><subfield code="c">cm.</subfield></datafield><datafield tag="336" ind1=" " ind2=" "><subfield code="a">text</subfield><subfield code="b">txt</subfield><subfield code="2">rdacontent</subfield></datafield><datafield tag="337" ind1=" " ind2=" "><subfield code="a">computer</subfield><subfield code="b">c</subfield><subfield code="2">rdamedia</subfield></datafield><datafield tag="338" ind1=" " ind2=" "><subfield code="a">online resource</subfield><subfield code="b">cr</subfield><subfield code="2">rdacarrier</subfield></datafield><datafield tag="500" ind1=" " ind2=" "><subfield code="a">Published in part in 1906 under title: The cynic's word book.</subfield></datafield><datafield tag="500" ind1=" " ind2=" "><subfield code="a">Includes graphical cross-reference mapper.</subfield></datafield><datafield tag="588" ind1=" " ind2=" "><subfield code="a">Description based on print version record.</subfield></datafield><datafield tag="590" ind1=" " ind2=" "><subfield code="a">Available to current Emory University students, faculty and staff.</subfield></datafield><datafield tag="650" ind1=" " ind2="0"><subfield code="a">English language</subfield><subfield code="v">Dictionaries</subfield><subfield code="v">Humor.</subfield><subfield code="0">(uri) http://id.loc.gov/authorities/subjects/sh2009124970</subfield></datafield><datafield tag="650" ind1=" " ind2="0"><subfield code="a">English language</subfield><subfield code="x">Semantics</subfield><subfield code="v">Humor.</subfield><subfield code="0">(uri) http://id.loc.gov/authorities/subjects/sh85043413</subfield></datafield><datafield tag="650" ind1=" " ind2="0"><subfield code="a">Vocabulary</subfield><subfield code="v">Humor.</subfield><subfield code="0">(uri) http://id.loc.gov/authorities/subjects/sh2010117990</subfield></datafield><datafield tag="655" ind1=" " ind2="0"><subfield code="a">Electronic reference sources.</subfield></datafield><datafield tag="655" ind1=" " ind2="0"><subfield code="a">Electronic books.</subfield></datafield><datafield tag="700" ind1="1" ind2=" "><subfield code="a">Bierce, Ambrose,</subfield><subfield code="d">1842-1914?</subfield><subfield code="e">beer holder,</subfield><subfield code="e">caterer,</subfield><subfield code="e">sommelier</subfield><subfield code="t">Cynic's word book.</subfield><subfield code="0">(uri) http://id.loc.gov/authorities/names/no2012018737</subfield><subfield code="0">(uri) http://viaf.org/viaf/sourceID/LC|no2012018737</subfield></datafield><datafield tag="776" ind1="1" ind2=" "><subfield code="a">Bierce, Ambrose, 1842-1914?</subfield><subfield code="t">Devil's dictionary.</subfield><subfield code="d">Garden City, NY : Doubleday, [1911?]</subfield></datafield><datafield tag="852" ind1=" " ind2=" "><subfield code="b">UNIV</subfield><subfield code="c">ONLNE</subfield><subfield code="h">ELECTRONIC ACCESS</subfield><subfield code="9">8</subfield></datafield><datafield tag="910" ind1=" " ind2=" "><subfield code="a">RDA ENRICHED</subfield></datafield><datafield tag="910" ind1=" " ind2=" "><subfield code="a">MARS</subfield></datafield><datafield tag="940" ind1=" " ind2=" "><subfield code="a">CREDOREF</subfield></datafield><datafield tag="945" ind1=" " ind2=" "><subfield code="a">EMU</subfield><subfield code="b">mk</subfield><subfield code="2">20120809</subfield></datafield><datafield tag="949" ind1=" " ind2=" "><subfield code="b">ONLNE</subfield><subfield code="c">02</subfield></datafield><datafield tag="994" ind1=" " ind2=" "><subfield code="a">C0</subfield><subfield code="b">EMU</subfield></datafield><datafield tag="999" ind1=" " ind2=" "><subfield code="b">marc21</subfield><subfield code="a">false</subfield></datafield></record>
</metadata></record></ListRecords></OAI-PMH>